@misc{ikcpaper:hslu,
author = {Michael Kaufmann and Andreas Waldis and Patrick Siegfried and Gwendolin Wilke and Edy Portmann and Matthias Hemmje},
title = {Intuitive Knowledge Connectivity},
howpublished = {\url{http://link.springer.com/chapter/10.1007%2F978-3-319-47650-6_27}},
month = {10},
year = {2016},
urldate = {2016-11-9}
}


@misc{moscow:hardvard,
author = {Scott Bradner},
title = {Key words for use in RFCs to Indicate Requirement Levels},
howpublished = {\url{http://www.ietf.org/rfc/rfc2119.txt}},
month = {03},
year = {1997},
urldate = {2016-11-9}
}

@misc{1_franz_lopes_huck_dong_sumer_bader_2016,
author={Franz, Max and Lopes, Christian T. and Huck, Gerardo and Dong, Yue and Sumer, Onur and Bader, Gary D.},
title={Cytoscape.js: a graph theory library for visualisation and analysis},
url={http://bioinformatics.oxfordjournals.org/content/32/2/309},
urldate={2016-11-9},
year={2016}
}

@misc{2_maurizzzio/greuler_2016,
author={Mauricio Poppe},
url={https://github.com/maurizzzio/greuler},
urldate={2016-11-9},
journal={GitHub},
year={2016}
}

@misc{jointsjs,
author={Rappid},
url={http://resources.jointjs.com/docs/jointjs/v1.0/joint.html},
urldate={2016-12-12},
journal={Rappid},
year={2016}
}

@misc{typescriptlang,
author={Typescript},
url={https://www.typescriptlang.org},
urldate={2017-1-22},
journal={Typescript},
year={2017}
}

@misc{reactjs,
author={Facebook},
url={https://facebook.github.io/react/},
urldate={2017-1-23},
journal={React},
year={2017}
}

@misc{reactjs-blog,
author={Ken Wheeler},
url={https://scotch.io/tutorials/learning-react-getting-started-and-concepts},
urldate={2017-1-23},
journal={scotch.io},
year={2016}
}

@misc{react-material-ui,
author={call-em-all},
url={http://www.material-ui.com},
urldate={2017-1-23},
journal={material-ui},
year={2016}
}

@misc{google-material-ui,
author={Google},
url={https://material.io/guidelines/material-design/introduction.html},
urldate={2017-1-23},
journal={Material Design - Introduction},
year={2016}
}

@misc{webpack,
author={webpack},
url={https://webpack.github.io/docs/motivation.html},
urldate={2017-1-23},
journal={Motivation},
year={2016}
}
@misc{jsplump,
author={jsplump},
url={https://jsplumbtoolkit.com/},
urldate={2017-1-25},
journal={jsPlump},
year={2017}
}
@misc{mxGraph,
author={mxGraph},
url={https://www.jgraph.com/},
urldate={2017-1-25},
journal={mxGraph},
year={2017}
}

@misc{caseClass,
author={Scala-Lang},
url={http://docs.scala-lang.org/tutorials/tour/case-classes.html},
urldate={2017-1-25},
journal={Scala-Lang},
year={2017}
}

@book{responsive-webdesign,
  title={A Book Apart: Responsive web design - Ethan Marcotte},
  isbn={9780984442553},
  series={A Book Apart: Brief Books for People who Make Websites},
  year={2010},
  publisher={Book Apart}
}

@misc{dropbox,
author={Dropbox},
url={http://www.searchstorage.de/definition/Dropbox},
urldate={2017-1-29},
journal={Was ist Dropbox?},
year={2017}
}

@misc{evernote,
author={Evernote},
url={http://searchmobilecomputing.techtarget.com/definition/Evernote},
urldate={2017-1-29},
journal={Was ist Evernote?},
year={2017}
}

@misc{duden.de,
author={Duden},
url={http://www.duden.de/rechtschreibung/Cloud_Computing},
urldate={2017-1-29},
journal={Duden.de},
year={2017}
}

@misc{usab,
author={Armin Eichinger},
url={http://www.uni-regensburg.de/Fakultaeten/phil_Fak_II/Psychologie/Doktoranden/absolventen/eichinger_armin/u-definition.html},
urldate={2017-1-29},
journal={Universität Regensburg - Usability},
year={2017}
}

@misc{ux,
author={Gründerszene},
url={http://www.gruenderszene.de/lexikon/begriffe/user-experience},
urldate={2017-1-29},
journal={Gründerszene - Lexikon},
year={2017}
}

@misc{moscow,
author={Gründerszene},
url={http://www.gruenderszene.de/lexikon/begriffe/user-experience},
urldate={2017-1-29},
journal={Gründerszene - Lexikon},
year={2017}
}

@misc{cytoscape-js-undo-redo,
author={iVis-at-Bilkent},
url={https://github.com/iVis-at-Bilkent/cytoscape.js-undo-redo},
urldate={2017-1-29},
journal={iVis-at-Bilkent},
year={2017}
}

@misc{cytoscape-js-supportimages,
author={jhonatandarosa},
url={https://github.com/jhonatandarosa/cytoscape.js-supportimages},
urldate={2017-1-29},
journal={jhonatandarosa},
year={2017}
}

@misc{js-cytoscape-navigator,
author={Nickolasmv},
url={https://github.com/Nickolasmv/js.cytoscape-navigator},
urldate={2017-1-29},
journal={Nickolasmv},
year={2017}
}

@misc{cytoscape-js-clipboard,
author={iVis-at-Bilkent},
url={https://github.com/iVis-at-Bilkent/cytoscape.js-clipboard},
urldate={2017-1-29},
journal={iVis-at-Bilkent},
year={2017}
}

@misc{cytoscape-js,
author={Cytoscape Consoritum},
url={http://js.cytoscape.org/},
urldate={2017-1-29},
journal={Cytoscape Consoritum},
year={2017}
}

@inproceedings{tan1999text,
  title={Text mining: The state of the art and the challenges},
  author={Tan, Ah-Hwee and others},
  booktitle={Proceedings of the PAKDD 1999 Workshop on Knowledge Disocovery from Advanced Databases},
  volume={8},
  pages={65--70},
  year={1999}
}
@article{kantor2001foundations,
  title={Foundations of statistical natural language processing},
  author={Kantor, Paul},
  journal={Information Retrieval},
  volume={4},
  number={1},
  pages={80--81},
  year={2001},
  publisher={Springer}
}

@Inbook{Zhang2006,
    author="Zhang, Kuo
    and Xu, Hui
    and Tang, Jie
    and Li, Juanzi",
    editor="Yu, Jeffrey Xu
    and Kitsuregawa, Masaru
    and Leong, Hong Va",
    title="Keyword Extraction Using Support Vector Machines",
    bookTitle="Advances in Web-Age Information Management: 7th International Conference, WAIM 2006, Hong Kong, China, June 17-19, 2006. Proceedings",
    year="2006",
    publisher="Springer Berlin Heidelberg",
    address="Berlin, Heidelberg",
    pages="85--96",
    isbn="978-3-540-35226-6",
    doi="10.1007/11775300_8",
    url="http://dx.doi.org/10.1007/11775300_8"
}

@article{hulth2004,
  title={Combining Machine Learning and Natural Language Processing for Automatic Keyword Extraction.},
  author={Hulth, Anette},
  journal={Ph.D. diss.},
  year="2004",
  publisher={Dept. of Computer and Systems Sciences, Stockholm University}
}

@inproceedings{dalvi2009web,
  title={A web of concepts},
  author={Dalvi, Nilesh and Kumar, Ravi and Pang, Bo and Ramakrishnan, Raghu and Tomkins, Andrew and Bohannon, Philip and Keerthi, Sathiya and Merugu, Srujana},
  booktitle={Proceedings of the twenty-eighth ACM SIGMOD-SIGACT-SIGART symposium on Principles of database systems},
  pages={1--12},
  year={2009},
  organization={ACM}
}

@article{parameswaran2010towards,
  title={Towards the web of concepts: Extracting concepts from large datasets},
  author={Parameswaran, Aditya and Garcia-Molina, Hector and Rajaraman, Anand},
  journal={Proceedings of the VLDB Endowment},
  volume={3},
  number={1-2},
  pages={566--577},
  year={2010},
  publisher={VLDB Endowment}
}
@book{Russell:2009:AIM:1671238,
 author = {Russell, Stuart and Norvig, Peter},
 title = {Artificial Intelligence: A Modern Approach},
 year = {2009},
 isbn = {0136042597, 9780136042594},
 edition = {3rd},
 publisher = {Prentice Hall Press},
 address = {Upper Saddle River, NJ, USA},
} 
@book{manning2008introduction,
  title={Introduction to information retrieval},
  author={Manning, Christopher D and Raghavan, Prabhakar and Sch{\"u}tze, Hinrich and others},
  volume={1},
  number={1},
  pages={25f},
  year={2008},
  publisher={Cambridge university press Cambridge}
}
@article{grefenstette1994word,
  title={What is a word, what is a sentence?: problems of Tokenisation},
  author={Grefenstette, Gregory and Tapanainen, Pasi},
  year={1994},
  publisher={Rank Xerox Research Centre}
}
@article{porter1980algorithm,
  title={An algorithm for suffix stripping},
  author={Porter, Martin F},
  journal={Program},
  volume={14},
  number={3},
  pages={130--137},
  year={1980},
  publisher={MCB UP Ltd}
}
@article{wilbur1992automatic,
  title={The automatic identification of stop words},
  author={Wilbur, W John and Sirotkin, Karl},
  journal={Journal of information science},
  volume={18},
  number={1},
  pages={45--47},
  year={1992},
  publisher={Sage Publications Sage CA: Thousand Oaks, CA}
}
@inproceedings{brill1992simple,
  title={A simple rule-based part of speech tagger},
  author={Brill, Eric},
  booktitle={Proceedings of the workshop on Speech and Natural Language},
  pages={112--116},
  year={1992},
  organization={Association for Computational Linguistics}
}
@article{brill1994some,
  title={Some advances in transformation-based part of speech tagging},
  author={Brill, Eric},
  journal={arXiv preprint cmp-lg/9406010},
  year={1994}
}
@book{manning1999foundations,
  title={Foundations of statistical natural language processing},
  author={Manning, Christopher D and Sch{\"u}tze, Hinrich and others},
  volume={999},
  year={1999},
  publisher={MIT Press}
}
@misc{AboutHTM97:online,
author = {websocket.org},
title = {About HTML5 WebSocket - Powered by Kaazing},
howpublished = {\url{http://websocket.org/aboutwebsocket.html}},
month = {},
year = {},
note = {(Accessed on 05/01/2017)}
}

@misc{WebSocke14:online,
author = {David Walsh},
title = {WebSocket and Socket.IO},
howpublished = {\url{https://davidwalsh.name/websocket}},
month = {},
year = {2010},
note = {(Accessed on 05/01/2017)}
}

@book{prusty2016modern,
  title={Modern JavaScript Applications},
  author={Prusty, Narayan},
  year={2016},
  publisher={Packt Publishing Ltd}
}

@article{kruchten1995architectural,
  title={Architectural blueprints—The “4+ 1” view model of software architecture},
  author={Kruchten, Philippe},
  journal={Tutorial Proceedings of Tri-Ada},
  volume={95},
  pages={540--555},
  year={1995}
}

@misc{TFIDFSim65:online,
author = {},
title = {TFIDFSimilarity (Lucene 4.5.0 API)},
howpublished = {\url{https://lucene.apache.org/core/4_5_0/core/org/apache/lucene/search/similarities/TFIDFSimilarity.html#formula_norm}},
month = {},
year = {},
note = {(Accessed on 05/09/2017)}
}
@misc{Elasticl37:online,
author = {Wei Song},
title = {Elasticlunr.js, lightweight full-text search engine in Javascript for browser search and offline search.},
howpublished = {\url{http://elasticlunr.com/}},
month = {},
year = {},
note = {(Accessed on 05/18/2017)}
}

@misc{RFC6455T98:online,
author = {IETF},
title = {RFC 6455 - The WebSocket Protocol},
howpublished = {\url{https://tools.ietf.org/html/rfc6455}},
month = {},
year = {2011},
note = {(Accessed on 05/18/2017)}
}

@misc{Fielding17:online,
author = {Roy Thomas Fielding},
title = {Representational State Transfer (REST)},
howpublished = {\url{http://www.ics.uci.edu/~fielding/pubs/dissertation/rest_arch_style.htm}},
month = {},
year = {2000},
note = {(Accessed on 05/18/2017)}
}

@misc{WebServi33:online,
author = {W3C},
title = {Web Services Architecture},
howpublished = {\url{https://www.w3.org/TR/2004/NOTE-ws-arch-20040211/#relwwwrest}},
month = {},
year = {2004},
note = {(Accessed on 05/18/2017)}
}

@book{richardson2008restful,
  title={RESTful web services},
  author={Richardson, Leonard and Ruby, Sam},
  year={2008},
  publisher={O'Reilly Media, Inc.}
}

@misc{GitHubda36:online,
    author = {},
    title = {GitHub - dariusk/pos-js: fasttag part of speech tagger javascript implementation},
    howpublished = {\url{https://github.com/dariusk/pos-js}},
    month = {},
    year = {},
    note = {(Accessed on 05/18/2017)}
}

@book{rai2013socket,
  title={Socket. IO Real-time Web Application Development},
  author={Rai, Rohit},
  year={2013},
  publisher={Packt Publishing Ltd}
}

@article{ackoff1989data,
  title={From data to wisdom},
  author={Ackoff, Russell L},
  publisher={Journal of applied systems analysis},
  volume={16},
  number={1},
  pages={3--9},
  year={1989}
}
@article{bellinger2004data,
  title={Data, information, knowledge, and wisdom},
  author={Bellinger, Gene and Castro, Durval and Mills, Anthony},
  year={2004}
}

@inproceedings{chen2005information,
  title={Information valuation for information lifecycle management},
  author={Chen, Ying},
  booktitle={Autonomic Computing, 2005. ICAC 2005. Proceedings. Second International Conference on},
  pages={135--146},
  year={2005},
  organization={IEEE}
}

@article{choo1996knowing,
  title={The knowing organization: How organizations use information to construct meaning, create knowledge and make decisions},
  author={Choo, Chun Wei},
  journal={International journal of information management},
  volume={16},
  number={5},
  pages={329--340},
  year={1996},
  publisher={Elsevier}
}

@article{bierly2000organizational,
  title={Organizational learning, knowledge and wisdom},
  author={Bierly III, Paul E and Kessler, Eric H and Christensen, Edward W},
  journal={Journal of organizational change management},
  volume={13},
  number={6},
  pages={595--618},
  year={2000},
  publisher={MCB UP Ltd}
}

% http://km.camt.cmu.ac.th/phdkm/2004_3_cw/Anukul/8%20Others/sufficiencyEconomyDataBank/KnowledgeVSWisdon.pdf

@inproceedings{barlas2005self,
  title={Self-evolution in knowledge bases},
  author={Barlas, Irtaza and Ginart, Antonio and Dorrity, Jordan L},
  booktitle={Autotestcon, 2005. IEEE},
  pages={325--331},
  year={2005},
  organization={IEEE}
}

@article{bray2014json,
  title={The javascript object notation (json) data interchange format},
  author={Bray, Tim},
  year={2014},
  organization={IETF}
}

%%howpublished = {\url{https://www.dropbox.com/s/irgyjtoesybg925/Preprint_IKC_KSEM16.pdf?dl=0}},

@book{reactflux,
  title={Learning React: Functional Web Development with React and Redux},
  author={Alex Banks, Eve Porcello},
  year={2017},
  publisher={O'Reilly Media, Inc.}
}

@book{microservices,
  title={Microservices vs. Service-Oriented Architecture},
  author={Mark Rich\-ards},
  year={2016},
  publisher={O'Reilly Media, Inc.}
}

@book{mim,
  title={Enterprise Service Bus},
  author={David A Chappell},
  year={2004},
  publisher={O'Reilly Media, Inc.}
}

@book{message-passing,
  title={Using MPI: Portable Parallel Programming with the Message-Passing Interface},
  author={William Gropp, Ewing Lusk, Anthony Skjellum},
  year={2014},
  publisher={The MIT Press}
}

@misc{ReactAJa3:online,
author = {Facebook},
title = {React - A JavaScript library for building user interfaces},
howpublished = {\url{https://facebook.github.io/react/}},
month = {},
year = {2017},
note = {(Accessed on 05/29/2017)}
}

@article{walker1995introduction,
  title={An Introduction to Message Passing Paradigms},
  author={Walker, D},
  journal={CERN EUROPEAN ORGANIZATION FOR NUCLEAR RESEARCH-REPORTS-CERN},
  pages={165--184},
  year={1995},
  publisher={Cern}
}

@article{msgpack-conf,
  title={Intelligent Information and Database Systems: 8th Asian Conference},
  author={Da Nang},
  pages={165--184},
  year={2016},
  publisher={ACIIDS 2016}
}

@book{izzo2016biomedical,
  title={Biomedical Research and Integrated Biobanking: An Innovative Paradigm for Heterogeneous Data Management},
  author={Izzo, Massimiliano},
  year={2016},
  publisher={Springer}
}

@article{wilkinson2014storj,
  title={Storj a peer-to-peer cloud storage network},
  author={Wilkinson, Shawn and Boshevski, Tome and Brandoff, Josh and Buterin, Vitalik},
  year={2014},
  publisher={Citeseer}
}

@techreport{wilkinson2014metadisk,
  title={Metadisk a blockchain-based decentralized file storage application},
  author={Wilkinson, Shawn and Lowry, Jim and Boshevski, Tome},
  year={2014},
  institution={Technical Report. http://metadisk. org/metadisk. pdf}
}

@techreport{galbraith2006ssh,
  title={SSH File Transfer Protocol (SFTP)},
  author={Galbraith, J and Saarenmaa, O and Ylonen, T and Lehtinen, S},
  year={2006},
  institution={Internet Draft. http://www. ietf. org/internet-drafts-ietf-secsh-fliexfer-12. txt}
}

@inproceedings{cohen2015data,
  title={Data structure aware garbage collector},
  author={Cohen, Nachshon and Petrank, Erez},
  booktitle={ACM SIGPLAN Notices},
  volume={50},
  number={11},
  pages={28--40},
  year={2015},
  organization={ACM}
}

@inproceedings{nguyen2016yak,
  title={Yak: A high-performance big-data-friendly garbage collector},
  author={Nguyen, Khanh and Fang, Lu and Xu, Guoqing and Demsky, Brian and Lu, Shan and Alamian, Sanazsadat and Mutlu, Onur},
  booktitle={Proc. the 12th USENIX Conference on Operating Systems Design and Implementation},
  year={2016}
}

@inproceedings{kaufmann2016intuitive,
 title={Intuitive Knowledge Connectivity: Design and Prototyping of Cross-Platform Knowledge Networks},
 author={Kaufmann, Michael and Waldis, Andreas and Siegfried, Patrick and Wilke, Gwendolin and Portmann, Edy and Hemmje, Matthias},
 booktitle={International Conference on Knowledge Science, Engineering and Management},
 pages={337--348},
 year={2016},
 organization={Springer}
}

@article{manyika2011big,
  title={Big data: The next frontier for innovation, competition, and productivity},
  author={Manyika, James and Chui, Michael and Brown, Brad and Bughin, Jacques and Dobbs, Richard and Roxburgh, Charles and Byers, Angela H},
  year={2011}
}
@article{robertson2009probabilistic,
  title={The probabilistic relevance framework: BM25 and beyond},
  author={Robertson, Stephen and Zaragoza, Hugo and others},
  journal={Foundations and Trends{\textregistered} in Information Retrieval},
  volume={3},
  number={4},
  pages={333--389},
  year={2009},
  publisher={Now Publishers, Inc.}
}